@article{SSD,
 author = {Cornwell, Michael},
 title = {Anatomy of a Solid-state Drive},
 journal = {Communications of the ACM},
 issue_date = {December 2012},
 volume = {55},
 number = {12},
 month = dec,
 year = {2012},
 pages = {59--83},
 publisher = {ACM},
 address = {New York, NY, USA},
} 


@article{MatLabSparse,
author = "John R. Gilbert and Cleve Moler and Robert Schreiber",
title = {Sparse Matrices in {MATLAB}: Design and Implementation},
journal = "SIAM Journal on Matrix Analysis and Applications",
year = 1991,
volume = 13,
number = 1,
pages = "333--356",
doi = "10.1137/0613024",
}

@article{YaleSparse,
author = {S. C. Eisenstat and M. H. Schultz and A. H. Sherman},
title = {Algorithms and data structures for sparse symmetric gaussian elimination},
journal = {SIAM Journal on Scientific Computing},
year = {1981},
volume = 2,
number = 2,
month = {June},
pages = "225--237",
}


@book{Puzzle,
author = "Zbigniew Michaelewicz and Matthew Michalewicz",
title = "Puzzle-Based Learning: An introduction to critical thinking, mathematics, and problem solving",
publisher = "Hybrid Publishers",
address = "Melbourne, Australia",
year = 2008,
}

@book{Flanagan,
author = "David Flanagan",
title = "\ttlJava\ in a Nutshell",
edition = "5th",
publisher = "O'Reilly \& Associates, Inc.",
address = "Sebatopol, CA",
year = 2005,
}

% Dropped from third edition in favor of problem solving textbooks
@book{Adams,
author = "James~L. Adams",
title = "Conceptual Blockbusting",
edition = "Second",
publisher = "Norton",
address = "New~York, NY",
year = 1979,
}

@inproceedings{Aharoni,
author = "Dan Aharoni",
title = "Cogito, Ergo Sum! Cognitive Processes of Students Dealing with
Data Structures",
booktitle = "Proceedings of SIGCSE'00",
address = "ACM Press",
month = Mar,
year = 2000,
pages = "26--30",
}

@book{AHUalg,
author = "Alfred~V. Aho and John~E. Hopcroft and Jeffrey~D. Ullman",
title = "The Design and Analysis of Computer Algorithms",
publisher = "Addison-Wesley",
address = "Reading, MA",
year = 1974,
}

@book{AHUDS,
author = "Alfred~V. Aho and John~E. Hopcroft and Jeffrey~D. Ullman",
title = "Data Structures and Algorithms",
publisher = "Addison-Wesley",
address = "Reading, MA",
year = 1983,
}

% Dropped for third edition since this is so old
@book{Apple,
author = "{Apple Computer, Inc.}",
title = "Inside {M}acintosh",
volume = "I",
publisher = "Addison-Wesley",
address = "Reading, MA",
year = 1985,
}

@Book{Arnold,
author = "Ken Arnold and James Gosling",
title = "The {Java} Programming Language",
edition = "Fourth",
publisher = "Ad{\-d}i{\-s}on-Wes{\-l}ey",
address = "Reading, MA, USA",
year = "2006",
ISBN = "0-201-63455-4",
}

@book{Baase,
author = "Sara Baase and Allen Van Gelder",
title = "Computer Algorithms: Introduction to Design \& Analysis",
edition = "Third",
publisher = "Ad{\-d}i{\-s}on-Wes{\-l}ey",
address = "Reading, MA, USA",
year = "2000",
ISBN = "0-201-61244-5",
}

@article{BentleyKD,
author = "John Louis Bentley",
title = "Multidimensional Binary Search Trees Used for Associative
	Searching",
journal = "Communications of the ACM",
volume = 18,
number = 9,
pages = "509--517",
year = 1975,
month = Sep,
note = "ISSN: 0001-0782"}

@book{BentleyEff,
author = "John Louis Bentley",
title = "Writing Efficient Programs",
publisher = "Prentice Hall",
address = "Upper Saddle River, NJ",
year = 1982,
}

@article{BentEnvOne,
author = "John Louis Bentley",
title = "Programming Pearls: The Back of the Envelope",
journal = "Communications of the ACM",
volume = 27,
number = 3,
month = Mar,
year = 1984,
pages = "180--184",
}

@article{Heaps,
author = "John Louis Bentley",
title = "Programming Pearls: Thanks, Heaps",
journal = "Communications of the ACM",
volume = 28,
number = 3,
month = Mar,
year = 1985,
pages = "245--250",
}

@article{BentEnvTwo,
author = "John Louis Bentley",
title = "Programming Pearls: The Envelope is Back",
journal = "Communications of the ACM",
volume = 29,
number = 3,
month = Mar,
year = 1986,
pages = "176--182",
}

@article{BentOrganize,
author = "John Louis Bentley and Catherine C. McGeoch",
title = "Amortized Analysis of Self-Organizing Sequential Search
		  Heuristics",
journal = "Communications of the ACM",
volume = 28,
number = 4,
month = Apr,
year = 1985,
pages = "404--411",
}

@article{BentCompress,
author = "John Louis Bentley and Daniel~D. Sleator and Robert~E.
		  Tarjan and Victor K. Wei",
title = "A Locally Adaptive Data Compression Scheme",
journal = "Communications of the ACM",
volume = 29,
number = 4,
month = Apr,
year = 1986,
pages = "320--330",
}

@book{BentleyPearl,
author = "John Bentley",
title = "Programming Pearls",
edition = "Second",
publisher = "Addison-Wesley",
address = "Reading, MA",
year = 2000,
}

@book{BentleyMore,
author = "John Bentley",
title = "More Programming Pearls: Confessions of a Coder",
publisher = "Addison-Wesley",
address = "Reading, MA",
year = 1988,
}

@book{Brooks,
author = "Frederick~P. Brooks",
title = "The Mythical Man-Month: Essays on Software Engineering, 25th Anniversary Edition",
year = 1995,
publisher = "Addison-Wesley",
address = "Reading, MA"
}

@book{BB,
author = "G. Brassard and P. Bratley",
title = "Fundamentals of Algorithmics",
publisher = "Prentice Hall",
address = "Upper Saddle River, NJ",
year = 1996,
}

@article{Comer,
author = "Douglas Comer",
title = "The Ubiquitous {B}-tree",
journal = "Computing Surveys",
volume = 11,
number = 2,
month = Jun,
year = 1979,
pages = "121--137",
}

@book{CLR,
author = "Thomas~H. Cormen and Charles~E. Leiserson and Ronald~L. Rivest and Clifford Stein",
title = "Introduction to Algorithms",
publisher = "The MIT Press",
address = "Cambridge, MA",
edition = "Third",
year = 2009,
}

@book{DeitelCPP,
author = "H.M. Deitel and P.J. Deitel",
title = "\ttlCPP\ How to Program",
edition = "Sixth",
publisher = "Prentice Hall",
address = "Upper Saddle River, NJ",
year = 2008,
}

@book{DeitelJava,
author = "H.M. Deitel and P.J. Deitel",
title = "\ttlJava\ How to Program",
edition = "Seventh",
publisher = "Prentice Hall",
address = "Upper Saddle River, NJ",
year = 2007,
}

@book{Ellis,
author = "Margaret A. Ellis and Bjarne Stroustrup",
title = "The Annotated \ttlCPP\ Reference Manual",
publisher = "Addison-Wesley",
address = "Reading, MA",
year = 1990,
}

@article{DyHash,
author = "R.J. Enbody and H.C. Du",
title = "Dynamic Hashing Schemes",
journal = "Computing Surveys",
volume = 20,
number = 2,
month = Jun,
year = 1988,
pages = "85--113",
}

@book{DiscreteMath,
author = "Susanna S.~Epp",
title = "Discrete Mathematics with Applications",
publisher = "Brooks/Cole Publishing Company",
address = "Pacific Grove, CA",
edition = "Fourth",
year = 2010,
}

@article{AdSort,
author = "Vladimir Estivill-Castro and Derick Wood",
title = "A Survey of Adaptive Sorting Algorithms",
journal = "Computing Surveys",
volume = 24,
number = 4,
month = Dec,
year = 1992,
pages = "441-476",
}

@book{Flor,
author = "Ronald Florence",
title = "The Perfect Machine",
publisher = "Harper Collins Publishers",
address = "New York, NY",
year = 1994,
}

@book{Folger,
author = "H. Scott Folger and Steven E. LeBlanc",
title = "Strategies for Creative Problem Solving",
publisher = "Prentice Hall",
address = "Upper Saddle River, NJ",
year = 1995,
}

@book{FZ,
author = "M.J. Folk and B.~Zoellick",
title = "File Structures: An Object-Oriented Approach with \ttlCPP",
edition = "Third",
publisher = "Addison-Wesley",
address = "Reading, MA",
year = 1998,
}

@article{PerfHash,
author = "Edward~A. Fox and Lenwood~S. Heath and Q.~F. Chen and
		  Amjad~M. Daoud",
title = "Practical Minimal Perfect Hash Functions for Large
		  Databases",
journal = "Communications of the ACM",
volume = 35,
number = 1,
month = Jan,
year = 1992,
pages = "105--121",
}

@book{InfoRet,
editor = "W.B. Frakes and R. Baeza-Yates",
title = "Information Retrieval: Data Structures \& Algorithms",
publisher = "Prentice Hall",
address = "Upper Saddle River, NJ",
year = 1992,
}

@book{LLISPer,
author = "Daniel~P. Friedman and Matthias Felleisen",
title = "The Little LISPer",
publisher = "Macmillan Publishing Company",
address = "New York, NY",
year = 1989,
}

@book{Schemer,
author = "Daniel~P. Friedman and Matthias Felleisen and Duane Bibby and Gerald J. Sussman",
title = "The Little Schemer",
publisher = "The MIT Press",
address = "Cambridge, MA",
year = 1995,
edition = "Fourth",
}

@article{UFind,
author = "Zvi Galil and Giuseppe~F. Italiano",
title = "Data Structures and Algorithms for Disjoint Set Union Problems",
journal = "Computing Surveys",
volume = 23,
number = 3,
month = Sep,
year = 1991,
pages = "319--344",
}

@book{GOF,
author = "Erich Gamma and Richard Helm and Ralph Johnson and John Vlissides",
title = "Design Patterns: Elements of Reusable Object-Oriented Software",
publisher = "Addison-Wesley",
address = "Reading, MA",
year = 1995,
}

@book{GJ,
author = "Michael~R. Garey and David~S. Johnson",
title = "Computers and Intractability: A Guide to the Theory of
NP-Completeness",
publisher = "W.H.~Freeman",
address = "New York, NY",
year = 1979,
}

@book{Gleick,
author = "James Gleick",
title = "Genius: The Life and Science of Richard Feynman",
publisher = "Vintage",
address = "New York, NY",
year = 1992,
}

@book{ConcreteMath,
author = "Ronald~L. Graham and Donald~E. Knuth and Oren Patashnik",
title = "Concrete Mathematics: A Foundation for Computer Science",
edition = "Second",
publisher = "Addison-Wesley",
address = "Reading, MA",
year = 1994,
}

@inproceedings{Guttm84,
author = "Antonin Guttman",
title = "R-Trees: A Dynamic Index Structure for Spatial Searching",
booktitle = "Annual Meeting ACM SIGMOD",
address = "Boston, MA",
editor = "B. Yormark",
month = Jun,
year = 1984,
pages = "47--57"}

@Article{Hayes84,
Author="B. Hayes",
Title="Computer Recreations: On the Ups and Downs of Hailstone Numbers",
Journal="Scientific American",
Volume=250,
Number=1,
Month=Jan,
Year=1984,
Pages="10-16"
}

@book{Hein,
author = "James L. Hein",
title = "Discrete Structures, Logic, and Computability",
edition = "Third",
publisher = "Jones and Bartlett",
address = "Sudbury, MA",
year = 2009,
}

@article{Huffman,
author = "David~A. Huffman",
title = "A method for the construction of minimum redundancy codes",
journal = "Proceedings of the Institute of Radio Engineers",
volume = 40,
number = 9,
month = Sep,
year = 1952,
pages = "1098-1101",
}

@book{Jaynes,
author = "Julian Jaynes",
title = "The Origin of Consciousness in the Breakdown of the
Bicameral Mind",
publisher = "Houghton Mifflin",
address = "Boston, MA",
year = 1990,
}

@book{OOKafura,
author = "Dennis Kafura",
title = "Object-Oriented Software Design and Construction with
\ttlCPP",
publisher = "Prentice Hall",
address = "Upper Saddle River, NJ",
year = 1998,
}


@book{KPpractice,
author = "Brian W. Kernighan and Rob Pike",
title = "The Practice of Programming",
publisher = "Addison-Wesley",
address = "Reading, MA",
year = 1999,
}

@book{KnuthV1,
author = "Donald~E. Knuth",
title = "The Art of Computer Programming: Fundamental Algorithms",
publisher = "Addison-Wesley",
address = "Reading, MA",
volume = 1,
edition = "Third",
year = 1997,
}

@book{KnuthV3,
author = "Donald E. Knuth",
title = "The Art of Computer Programming: Sorting and Searching",
publisher = "Addison-Wesley",
address = "Reading, MA",
volume = 3,
edition = "Second",
year = 1998,
}

@book{GraphBase,
author = "Donald E. Knuth",
title = "The Stanford GraphBase",
publisher = "Addison-Wesley",
address = "Reading, MA",
year = 1994,
}

@misc{PCguide,
author = "Charles M. Kozierok",
title = "The {PC} Guide",
howpublished = "\texttt{www.pcguide.com}",
year = 2005,
}

@Article{Lagarias85,
Author="J. C. Lagarias",
Title="The 3x+1 Problem and its Generalizations",
Journal="The American Mathematical Monthly",
Volume=92,
Number=1,
Month=Jan,
Year=1985,
Pages="3-23"
}

@book{Salesman,
editor = "E.L. Lawler and J.K. Lenstra and A.H.G. Rinnooy Kan and D.B.
		  Shmoys",
title = "The Traveling Salesman Problem: A Guided Tour of
		  Combinatorial Optimization",
publisher = "John Wiley~\& Sons",
address = "New York, NY",
year = 1985,
}

@book{Levine,
author = "Marvin Levine",
title = "Effective Problem Solving",
edition = "Second",
publisher = "Prentice Hall",
address = "Upper Saddle River, NJ",
year = 1994,
}

@book{Manber,
author = "Udi Manber",
title = "Introduction to Algorithms: A Creative Approach",
publisher = "Addision-Wesley",
address = "Reading, MA",
year = 1989,
}

@article{LRU,
author = "Nimrod Megiddo and Dharmendra S. Modha",
title = "Outperforming LRU with an Adaptive Replacement Cache Algorithm",
journal = "IEEE Computer",
volume = 37,
number = 4,
month = Apr,
year = 2004,
pages = "58--65",
}

@book{Polya,
author = "George P{\'o}lya",
title = "How To Solve It",
publisher = "Princeton University Press",
address = "Princeton, NJ",
edition = "Second",
year = 1957,
}

@article{Pugh,
author = "W.~Pugh",
title = "Skip Lists: A Probabilistic Alternative to Balanced Trees",
journal = "Communications of the ACM",
volume = 33,
number = 6,
month = Jun,
year = 1990,
pages = "668--676",
}

@book{Rawlins,
author = "Gregory~J.E. Rawlins",
title = "Compared to What? An Introduction to the Analysis of Algorithms",
publisher = "Computer Science Press",
address = "New York, NY",
year = 1992,
}

@book{OORiel,
author = "Arthur J. Riel",
title = "Object-Oriented Design Heuristics",
publisher = "Addison-Wesley",
address = "Reading, MA",
year = 1996,
}

@book{Combinatorics,
author = "Fred S. Roberts",
title = "Applied Combinatorics",
publisher = "Prentice Hall",
address = "Upper Saddle River, NJ",
year = 1984,
}

@book{Roberts,
author = "Eric S. Roberts",
title = "Thinking Recursively",
publisher = "John Wiley~\& Sons",
address = "New York, NY",
year = 1986,
}

@article{Disk,
author = "Chris Ruemmler and John Wilkes",
title = "An Introduction to Disk Drive Modeling",
journal = "IEEE Computer",
volume = 27,
number = 3,
year = 1994,
month = "March",
pages = "17--28",
}

@book{Salton,
author = "Gerard Salton and Michael~J. McGill",
title = "Introduction to Modern Information Retrieval",
publisher = "McGraw-Hill",
address = "New York, NY",
year = 1983,
}

@book{Salzberg,
author = "Betty Salzberg",
title = "File Structures: An Analytic Approach",
publisher = "Prentice Hall",
address = "Upper Saddle River, NJ",
year = 1988,
}

@book{SametNew,
author = "Hanan Samet",
title = "Foundations of Multidimensional and Metric Data Structures",
publisher = "Morgan Kaufmann",
address = "San Francisco, CA",
year = 2006,
}

@book{SametD,
author = "Hanan Samet",
title = "Design and Analysis of Spatial Data Structures",
publisher = "Addison-Wesley",
address = "Reading, MA",
year = 1990,
}

@book{SametA,
author = "Hanan Samet",
title = "Applications of Spatial Data Structures",
publisher = "Addison-Wesley",
address = "Reading, MA",
year = 1990,
}

@book {Sedgewick,
author = "Robert Sedgewick",
title = "Algorithms",
publisher = "Addison-Wesley",
address = "Reading, MA",
year = 2011,
edition = "4th",
}

@book {SedgeSort,
author = "Robert Sedgewick",
title = "Quicksort",
publisher = "Garland Publishing, Inc.",
address = "New York, NY",
year = 1980,
}

@article{IEEEStand,
author = "Kevin Self",
title = "Technically Speaking",
journal = "IEEE Spectrum",
volume = 32,
number = 2,
month = Feb,
year = 1995,
pages = "59",
}

@article{ShafferHerb,
author = "Clifford~A. Shaffer and Gregory~M. Herb",
title = "A Real-Time Robot Arm Collision Avoidance System",
journal = "IEEE Transactions on Robotics",
volume = 8,
number = 2,
year = 1992,
pages = "149--160",
}

@inproceedings{PBTree,
author = "Clifford~A. Shaffer and Patrick~R. Brown",
title = "A Paging Scheme for Pointer-Based Quadtrees",
booktitle = "Advances in Spatial Databases",
editor = "D.~Abel and B-C.~Ooi",
address = "Springer Verlag, Berlin",
month = Jun,
year = 1993,
pages = "89--104",
}

@article{BinQuadSpace,
author = "Clifford~A. Shaffer and Ramana Juvvadi and Lenwood~S. Heath",
title = "A Generalized Comparison of Quadtree and Bintree Storage Requirements",
journal = "Image and Vision Computing",
volume =  11,
number = 7,
month = Sep,
year = 1993,
pages =  "402--412",
}

@inproceedings{Ursekar,
author = "Clifford~A. Shaffer and Mahesh~T. Ursekar",
title = "Large scale editing and vector to raster conversion via quadtree spatial indexing",
booktitle = "Proceedings of the 5th International Symposium on Spatial Data Handling",
month = Aug,
year = 1992,
pages = "505--513",
}

@article{OhioStateADT,
author = "Murali Sitaraman and Lonnie~R. Welch and Douglas~E. Harms",
title = "On Specification of Reusable Software Components",
journal = "International Journal of Software Engineering and
Knowledge Engineering",
volume = 3,
number =  2,
month = Jun,
year = 1993,
pages = "207--229",
}

@article{Resolve,
author = "Murali Sitaraman and Bruce W. Weide",
title = "Special Feature: Component-Based Software Using RESOLVE",
journal = "Software Engineering Notes",
volume = 19,
number = 4,
pages = "21--67",
month = Oct,
year = 1994,
}

@book{Skiena,
author = "Steven S. Skiena",
title = "The Algorithm Design Manual",
edition = "Second",
publisher = "Springer Verlag",
address = "New York, NY",
year = 2010,
}

@article{SplayRef,
author = "D.D.~Sleator and Robert~E. Tarjan",
title = "Self-adjusting Binary Search Trees",
journal = "Journal of the ACM",
volume = 32,
pages = "652--686",
year = 1985,
}

@book{Solow,
author = "Daniel Solow",
title = "How to Read and Do Proofs: An Introduction to Mathematical Thought Processes",
publisher = "John Wiley~\& Sons",
address = "New York, NY",
edition = "Fifth",
year = 2009,
}

@book{Stallings,
author = "William Stallings",
title = "Operating Systems: Internals and Design Principles",
edition = "Seventh",
publisher = "Prentice Hall",
address = "Upper Saddle River, NJ",
year = 2011,
}

@book{EMACS,
author = "Richard~M. Stallman",
title = "GNU Emacs Manual",
publisher = "Free Software Foundation",
address = "Cambridge, MA",
edition = "Sixteenth",
year = 2011,
}

@book{Steele,
author = "Guy~L. Steele",
title = "Common Lisp: The Language",
publisher = "Digital Press",
address = "Bedford, MA",
edition = "Second",
year = 1990,
}

@book{Storer,
author = "James A. Storer",
title = "Data Compression: Methods and Theory",
publisher = "Computer Science Press",
address = "Rockville, MD",
year = 1988,
}

@book{Stroustrup,
author = "Bjarne Stroustrup",
title = "The \ttlCPP\ Programming Language, Special Edition",
publisher = "Addison-Wesley",
address = "Reading, MA",
year = 2000,
}

@book{Sudkamp,
author = "Thomas A. Sudkamp",
title = "Languages and Machines: An Introduction to the Theory of
		  Computer Science",
publisher = "Addison-Wesley",
address = "Reading, MA",
year = 1988,
}

@book{Tanenbaum,
author = "Andrew S. Tanenbaum",
title = "Structured Computer Organization",
publisher = "Prentice Hall",
address = "Upper Saddle River, NJ",
edition = "Fifth",
year = 2006,
}

@article{Tarjan,
author = "Robert~E.~Tarjan",
title = "On the efficiency of a good but not linear set merging algorithm",
journal = "Journal of the ACM",
volume = 22,
number = 2,
month = Apr,
pages = "215--225",
year = 1975,
}

@book{Welsh,
author = "Dominic Welsh",
title = "Codes and Cryptography",
publisher = "Oxford University Press",
address = "Oxford",
year = 1988,
}

@book{WhimLoch,
author = "Arthur Whimbey and Jack Lochhead",
title = "Problem Solving \& Comprehension",
publisher = "Lawrence Erlbaum Associates",
year = 1999,
edition = "Sixth",
address = "Mahwah, NJ",
}

@book{Winston,
author = "Patrick Henry Winston",
title = "On to \ttlCPP",
publisher = "Addison-Wesley",
address = "Reading, MA",
year = 1994,
}

@book{WMB99,
author = "I.H. Witten and A. Moffat and T.C. Bell",
title = "Managing Gigabytes",
edition = "Second",
publisher = "Morgan Kaufmann",
year = 1999,
}

@book{Zeitz,
author = "Paul Zeitz",
title = "The Art and Craft of Problem Solving",
edition = "Second",
publisher = "John Wiley~\& Sons",
address = "New York, NY",
year = 2007,
}
